% This file was created with JabRef 2.7.1.
% Encoding: UTF8

@TECHREPORT{RFC5681_TCP_CC,
  author = {M. Allman and V. Paxson and E. Blanton},
  title = {TCP Congestion Control},
  institution = {RFC Editor},
  year = {2009},
  type = {RFC},
  number = {5681},
  month = {9},
  howpublished = {Internet Requests for Comments},
  issn = {2070-1721},
  publisher = {RFC Editor},
  url = {http://www.rfc-editor.org/rfc/rfc5681.txt}
}

@INPROCEEDINGS{Arzani2014,
  author = {Arzani, Behnaz and Gurney, Alexander and Cheng, Shuotian and Guerin,
	Roch and Loo, Boon Thau},
  title = {Impact of Path Characteristics and Scheduling Policies on MPTCP Performance},
  booktitle = {Proceedings of the 2014 28th International Conference on Advanced
	Information Networking and Applications Workshops},
  year = {2014},
  pages = {743--748},
  organization = {IEEE},
  file = {:C\:\\Users\\max\\Desktop\\BA_doc\\Papers\\Arzani 2014 - Impact of Path Characteristics and Scheduling Policies on MPTCP Performance.pdf:PDF}
}

@TECHREPORT{RFC7540_HTTP2,
  author = {Belshe, M. and Peon, R. and Thomson, M.},
  title = {Hypertext Transfer Protocol Version 2 (HTTP/2)},
  institution = {RFC Editor},
  year = {2015},
  type = {RFC},
  number = {7540},
  bdsk-url-1 = {http://httpwg.org/specs/rfc7540.html},
  date-added = {2016-12-16 16:23:52 +0000},
  date-modified = {2016-12-16 16:43:39 +0000},
  url = {http://httpwg.org/specs/rfc7540.html}
}

@ARTICLE{Bonaventure2016Deploy,
  author = {Bonaventure, Olivier and Seo, SungHoon},
  title = {Multipath TCP Deployments},
  journal = {IETF Journal},
  year = {2016},
  month = {11},
  owner = {max},
  timestamp = {2017.04.05},
  url = {https://www.ietfjournal.org/multipath-tcp-deployments/}
}

@ARTICLE{klotski2015,
  author = {Butkiewicz, Michael and Wang, Daimeng and Wu, Zhe and Madhyastha,
	Harsha V. and Sekar, Vyas},
  title = {KLOTSKI: Reprioritizing Web Content to Improve User Experience on
	Mobile Devices},
  journal = {Proceedings of the USENIX Symposium on Networked Systems Design and
	Implementation},
  year = {2015},
  bdsk-file-1 = {YnBsaXN0MDDUAQIDBAUGJCVYJHZlcnNpb25YJG9iamVjdHNZJGFyY2hpdmVyVCR0b3ASAAGGoKgHCBMUFRYaIVUkbnVsbNMJCgsMDxJXTlMua2V5c1pOUy5vYmplY3RzViRjbGFzc6INDoACgAOiEBGABIAFgAdccmVsYXRpdmVQYXRoWWFsaWFzRGF0YV8QTy4uL1BhcGVycy9LTE9UU0tJLSBSZXByaW9yaXRpemluZyBXZWIgQ29udGVudCB0byBJbXByb3ZlIFVzZXIgRXhwZXJpZW5jZSBvbi5wZGbSFwsYGVdOUy5kYXRhTxECPAAAAAACPAACAAACbXcAAAAAAAAAAAAAAAAAAAAAAAAAAAAAAAAAAAAAAEJEAAH/////H0tMT1RTS0ktIFJlcHJpb3JpdCNGRkZGRkZGRi5wZGYAAAAAAAAAAAAAAAAAAAAAAAAAAAAAAAAAAAAAAAAAAP////8AAAAAAAAAAAAAAAAAAQACAAASAWN1AAAAAAAAAAAAAAAAAAZQYXBlcnMAAgBlLzpWb2x1bWVzOm13LTE6VW5pOjA3OkJBOlBhcGVyczpLTE9UU0tJLSBSZXByaW9yaXRpemluZyBXZWIgQ29udGVudCB0byBJbXByb3ZlIFVzZXIgRXhwZXJpZW5jZSBvbi5wZGYAAA4AjABFAEsATABPAFQAUwBLAEkALQAgAFIAZQBwAHIAaQBvAHIAaQB0AGkAegBpAG4AZwAgAFcAZQBiACAAQwBvAG4AdABlAG4AdAAgAHQAbwAgAEkAbQBwAHIAbwB2AGUAIABVAHMAZQByACAARQB4AHAAZQByAGkAZQBuAGMAZQAgAG8AbgAuAHAAZABmAA8ABgACAG0AdwASAFcvVW5pLzA3L0JBL1BhcGVycy9LTE9UU0tJLSBSZXByaW9yaXRpemluZyBXZWIgQ29udGVudCB0byBJbXByb3ZlIFVzZXIgRXhwZXJpZW5jZSBvbi5wZGYAABMADS9Wb2x1bWVzL213LTEAAAkAIgAiY2lmcwAAAQAAAHNtYjovL213QHdlbGxlcm5hcy9tdwD//wAAgAbSGxwdHlokY2xhc3NuYW1lWCRjbGFzc2VzXU5TTXV0YWJsZURhdGGjHR8gVk5TRGF0YVhOU09iamVjdNIbHCIjXE5TRGljdGlvbmFyeaIiIF8QD05TS2V5ZWRBcmNoaXZlctEmJ1Ryb290gAEACAARABoAIwAtADIANwBAAEYATQBVAGAAZwBqAGwAbgBxAHMAdQB3AIQAjgDgAOUA7QMtAy8DNAM/A0gDVgNaA2EDagNvA3wDfwORA5QDmQAAAAAAAAIBAAAAAAAAACgAAAAAAAAAAAAAAAAAAAOb},
  date-added = {2016-12-16 16:22:17 +0000},
  date-modified = {2016-12-16 17:04:04 +0000}
}

@INPROCEEDINGS{Chen2013,
  author = {Chen, Yung-Chih and Lim, Yeon-sup and Gibbens, Richard J and Nahum,
	Erich M and Khalili, Ramin and Towsley, Don},
  title = {A Measurement-based Study of MultiPath TCP Performance over Wireless
	Networks},
  booktitle = {Proceedings of the 2013 conference on Internet measurement},
  year = {2013},
  pages = {455--468},
  organization = {ACM},
  file = {:C\:\\Users\\max\\Desktop\\BA_doc\\Papers\\Chen 2013 - A Measurement-based Study of MultiPath TCP Performance over Wireless Networks.pdf:PDF}
}

@ELECTRONIC{LwnTSQ,
  author = {Jonathan Corbet},
  month = {7},
  year = {2012},
  title = {TCP small queues},
  howpublished = {LWN.net},
  url = {https://lwn.net/Articles/507065/},
  owner = {max},
  timestamp = {2017.04.07}
}

@INBOOK{DeConinck2016,
  pages = {57--69},
  title = {A First Analysis of Multipath TCP on Smartphones},
  publisher = {Springer International Publishing},
  year = {2016},
  editor = {Karagiannis, Thomas and Dimitropoulos, Xenofontas},
  author = {De Coninck, Quentin and Baerts, Matthieu and Hesmans, Benjamin and
	Bonaventure, Olivier},
  address = {Cham},
  booktitle = {Passive and Active Measurement: 17th International Conference, PAM
	2016, Heraklion, Greece, March 31 - April 1, 2016. Proceedings},
  doi = {10.1007/978-3-319-30505-9_5},
  file = {:C\:\\Users\\max\\Desktop\\BA_doc\\Papers\\Coninck 2016 - A First Analysis of Multipath TCP on Smartphones.pdf:PDF},
  isbn = {978-3-319-30505-9},
  url = {http://dx.doi.org/10.1007/978-3-319-30505-9_5}
}

@TECHREPORT{Eardley2013,
  author = {Eardley, Philip},
  title = {Survey of MPTCP Implementations},
  institution = {IETF Network Working Group},
  year = {2013},
  file = {:H\:\\Uni\\07\\BA\\Papers\\Eardley 2013 - Survey of MPTCP Implementations.pdf:PDF}
}

@ARTICLE{Erman2015,
  author = {Erman, Jeffrey and Gopalakrishnan, Vijay and Jana, Rittwik and Ramakrishnan,
	Kadangode K},
  title = {Towards a SPDY'ier Mobile Web?},
  journal = {IEEE/ACM Transactions on Networking},
  year = {2015},
  volume = {23},
  pages = {2010--2023},
  number = {6},
  file = {:H\:\\Uni\\07\\BA\\Papers\\Erman 2010 - Towards a SPDYâ€™ier Mobile Web.pdf:PDF},
  publisher = {IEEE}
}

@TECHREPORT{RFC6182,
  author = {Ford, Alan and Raiciu, Costin and Handley, Mark and Barre, Sebastien
	and Iyengar, Janardhan},
  title = {Architectural Guidelines for Multipath TCP Development},
  institution = {RFC Editor},
  year = {2011},
  type = {RFC},
  number = {6182},
  file = {:H\:\\Uni\\07\\BA\\Papers\\rfc6182 - Architectural Guidelines for Multipath TCP Development.pdf:PDF},
  url = {https://tools.ietf.org/html/rfc6182}
}

@TECHREPORT{RFC6824_MPTCP,
  author = {Ford, Alan and Raiciu, C. and Handley, M. and Bonaventure, Olivier},
  title = {TCP Extensions for Multipath Operation with Multiple Addresses},
  institution = {RFC Editor},
  year = {2013},
  type = {RFC},
  number = {6824},
  month = {1},
  file = {:H\:\\Uni\\07\\BA\\Papers\\rfc6824 - TCP Extensions for Multipath Operation with Multiple Addresses.pdf:PDF},
  howpublished = {Internet Requests for Comments},
  issn = {2070-1721},
  publisher = {RFC Editor},
  url = {https://tools.ietf.org/html/rfc6824}
}

@INPROCEEDINGS{Ford2008,
  author = {Ford, Bryan and Iyengar, Janardhan R},
  title = {Breaking Up the Transport Logjam},
  booktitle = {ACM HotNets},
  year = {2008},
  pages = {85--90},
  month = {October},
  file = {:C\:\\Users\\max\\Desktop\\BA_doc\\Papers\\logjam.pdf:PDF}
}

@INPROCEEDINGS{Frommgen2016a,
  author = {Fr{\"o}mmgen, Alexander and Erbsh{\"a}u{\ss}er, Tobias and Buchmann,
	Alejandro and Zimmermann, Torsten and Wehrle, Klaus},
  title = {ReMP TCP: Low Latency Multipath TCP},
  booktitle = {2016 IEEE International Conference on Communications (ICC)},
  year = {2016},
  pages = {1--7},
  organization = {IEEE},
  file = {:H\:\\Uni\\07\\BA\\Papers\\Fr{\\"o}mmgen 2015 - ReMP TCP Low Latency Multipath TCP.pdf:PDF}
}

@MISC{RBS,
  author = {Fr{\"o}mmgen, Alexander and others},
  title = {Rule-based Scheduler for the Linux Multipath TCP implementation},
  howpublished = {?????},
  note = {TODO insert correct reference!!!!!},
  owner = {max},
  timestamp = {2017.04.05}
}

@INPROCEEDINGS{Frommgen2016,
  author = {Fr{\"o}mmgen, Alexander and Stohr, Denny and Fornoff, Jan and Effelsberg,
	Wolfgang and Buchmann, Alejandro},
  title = {Capture and Replay: Reproducible Network Experiments in Mininet},
  booktitle = {Proceedings of the 2016 conference on ACM SIGCOMM 2016 Conference},
  year = {2016},
  pages = {621--622},
  organization = {ACM},
  file = {:H\:\\Uni\\07\\BA\\Papers\\Fr{\\"o}mmgen 2016 - Capture and Replay Reproducible Network Experiments in Mininet.pdf:PDF}
}

@INPROCEEDINGS{han2015mwebmptcp,
  author = {Han, Bo and Qian, Feng and Hao, Shuai and Ji, Lusheng},
  title = {An Anatomy of Mobile Web Performance over Multipath TCP},
  booktitle = {Proceedings of the 11th ACM Conference on Emerging Networking Experiments
	and Technologies},
  year = {2015},
  pages = {5},
  organization = {ACM},
  file = {:H\:\\Uni\\07\\BA\\Papers\\Han 2015 - An Anatomy of Mobile Web Performance over Multipath TCP.pdf:PDF}
}

@INPROCEEDINGS{Hesmans2016,
  author = {Hesmans, Benjamin and Bonaventure, Olivier},
  title = {An enhanced socket API for Multipath TCP},
  booktitle = {Proceedings of the 2016 Applied Networking Research Workshop},
  year = {2016},
  pages = {1--6},
  organization = {ACM},
  file = {:H\:\\Uni\\07\\BA\\Papers\\Hesmans 2016 - An enhanced socket API for Multipath TCP.pdf:PDF}
}

@CONFERENCE{Langley2010,
  author = {Langley, Adam and Modadugu, Nagendra and Chang, Wan-Teh},
  title = {Overclocking SSL},
  booktitle = {Velocity},
  year = {2010},
  file = {:C\:\\Users\\max\\Desktop\\BA_doc\\Papers\\Langley 2010 - Overclocking SSL.pdf:PDF},
  owner = {max},
  timestamp = {2017.04.12},
  url = {https://www.imperialviolet.org/2010/06/25/overclocking-ssl.html}
}

@INPROCEEDINGS{Lantz10Mininet,
  author = {Lantz, Bob and Heller, Brandon and McKeown, Nick},
  title = {A Network in a Laptop: Rapid Prototyping for Software-defined Networks},
  booktitle = {Proceedings of the 9th ACM SIGCOMM Workshop on Hot Topics in Networks},
  year = {2010},
  series = {Hotnets-IX},
  pages = {19:1--19:6},
  address = {New York, NY, USA},
  publisher = {ACM},
  acmid = {1868466},
  articleno = {19},
  doi = {10.1145/1868447.1868466},
  file = {:H\:\\Uni\\07\\BA\\Papers\\Lantz 2010 - Mininet - A Network in a Laptop - Rapid Prototyping for Software-Defined Networks.pdf:PDF},
  isbn = {978-1-4503-0409-2},
  keywords = {emulation, open-flow, rapid prototyping, software defined networking,
	virtualization},
  location = {Monterey, California},
  numpages = {6}
}

@INPROCEEDINGS{naylor2014cost,
  author = {Naylor, David and Finamore, Alessandro and Leontiadis, Ilias and
	Grunenberger, Yan and Mellia, Marco and Munaf{\`o}, Maurizio and
	Papagiannaki, Konstantina and Steenkiste, Peter},
  title = {The cost of the S in HTTPS},
  booktitle = {Proceedings of the 10th ACM International on Conference on emerging
	Networking Experiments and Technologies},
  year = {2014},
  pages = {133--140},
  organization = {ACM},
  file = {:C\:\\Users\\max\\Desktop\\BA_doc\\Papers\\Naylor 2013 - The Cost of the â€œSï¿½? in HTTPS.pdf:PDF}
}

@INPROCEEDINGS{polaris2016,
  author = {Ravi Netravali and Ameesh Goyal and James Mickens and Hari Balakrishnan},
  title = {Polaris: Faster Page Loads Using Fine-grained Dependency Tracking},
  booktitle = {13th USENIX Symposium on Networked Systems Design and Implementation
	(NSDI 16)},
  year = {2016},
  address = {Santa Clara, CA},
  month = {3},
  publisher = {USENIX Association},
  bdsk-file-1 = {YnBsaXN0MDDUAQIDBAUGJCVYJHZlcnNpb25YJG9iamVjdHNZJGFyY2hpdmVyVCR0b3ASAAGGoKgHCBMUFRYaIVUkbnVsbNMJCgsMDxJXTlMua2V5c1pOUy5vYmplY3RzViRjbGFzc6INDoACgAOiEBGABIAFgAdccmVsYXRpdmVQYXRoWWFsaWFzRGF0YV8QHC4uL1BhcGVycy9wb2xhcmlzX25zZGkxNi5wZGbSFwsYGVdOUy5kYXRhTxEBbgAAAAABbgACAAACbXcAAAAAAAAAAAAAAAAAAAAAAAAAAAAAAAAAAAAAAEJEAAH/////EnBvbGFyaXNfbnNkaTE2LnBkZgAAAAAAAAAAAAAAAAAAAAAAAAAAAAAAAAAAAAAAAAAAAAAAAAAAAAAAAAAAAP////8AAAAAAAAAAAAAAAAAAQACAAASAWN1AAAAAAAAAAAAAAAAAAZQYXBlcnMAAgAyLzpWb2x1bWVzOm13LTE6VW5pOjA3OkJBOlBhcGVyczpwb2xhcmlzX25zZGkxNi5wZGYADgAmABIAcABvAGwAYQByAGkAcwBfAG4AcwBkAGkAMQA2AC4AcABkAGYADwAGAAIAbQB3ABIAJC9VbmkvMDcvQkEvUGFwZXJzL3BvbGFyaXNfbnNkaTE2LnBkZgATAA0vVm9sdW1lcy9tdy0xAAAJACIAImNpZnMAAAEAAABzbWI6Ly9td0B3ZWxsZXJuYXMvbXcA//8AAIAG0hscHR5aJGNsYXNzbmFtZVgkY2xhc3Nlc11OU011dGFibGVEYXRhox0fIFZOU0RhdGFYTlNPYmplY3TSGxwiI1xOU0RpY3Rpb25hcnmiIiBfEA9OU0tleWVkQXJjaGl2ZXLRJidUcm9vdIABAAgAEQAaACMALQAyADcAQABGAE0AVQBgAGcAagBsAG4AcQBzAHUAdwCEAI4ArQCyALoCLAIuAjMCPgJHAlUCWQJgAmkCbgJ7An4CkAKTApgAAAAAAAACAQAAAAAAAAAoAAAAAAAAAAAAAAAAAAACmg==},
  bdsk-url-1 = {https://www.usenix.org/conference/nsdi16/technical-sessions/presentation/netravali},
  date-added = {2016-12-17 02:58:14 +0000},
  date-modified = {2016-12-17 02:58:37 +0000},
  file = {:H\:\\Uni\\07\\BA\\Papers\\Netravali 2016 - Polaris Faster Page Loads Using Fine-grained Dependency Tracking.pdf:PDF},
  url = {https://www.usenix.org/conference/nsdi16/technical-sessions/presentation/netravali}
}

@INPROCEEDINGS{nowlan2012unorderedtcp,
  author = {Nowlan, Michael F. and Tiwari, Nabin and Iyengar, Janardhan and Aminy,
	Syed Obaid and Fordy, Bryan},
  title = {Fitting Square Pegs Through Round Pipes: Unordered Delivery Wire-compatible
	with TCP and TLS},
  booktitle = {Proceedings of the 9th USENIX Conference on Networked Systems Design
	and Implementation},
  year = {2012},
  series = {NSDI'12},
  pages = {28--28},
  address = {Berkeley, CA, USA},
  publisher = {USENIX Association},
  acmid = {2228337},
  file = {:H\:\\Uni\\07\\BA\\Papers\\Nowlan 2011 - Fitting Square Pegs Through Round Pipes.pdf:PDF},
  location = {San Jose, CA},
  numpages = {1},
  url = {https://www.usenix.org/system/files/conference/nsdi12/nsdi12-final67.pdf}
}

@ELECTRONIC{multipathtcp,
  author = {Paasch, Christoph and Barre, Sebastien and others},
  year = {2016},
  title = {Multipath TCP in the Linux Kernel},
  url = {http://www.multipath-tcp.org},
  date-added = {2016-12-17 01:44:22 +0000},
  date-modified = {2016-12-17 01:46:27 +0000}
}

@INPROCEEDINGS{Paasch2014,
  author = {Paasch, Christoph and Ferlin, Simone and Alay, Ozgu and Bonaventure,
	Olivier},
  title = {Experimental Evaluation of Multipath TCP Schedulers},
  booktitle = {Proceedings of the 2014 ACM SIGCOMM workshop on Capacity sharing
	workshop},
  year = {2014},
  pages = {27--32},
  organization = {ACM},
  file = {:H\:\\Uni\\07\\BA\\Papers\\Paasch 2014 - Experimental Evaluation of Multipath TCP Schedulers.pdf:PDF}
}

@ELECTRONIC{Porter2005,
  author = {Porter, Thomas},
  month = {1},
  year = {2005},
  title = {The Perils of Deep Packet Inspection},
  organization = {symantec.com},
  url = {https://www.symantec.com/connect/articles/perils-deep-packet-inspection},
  owner = {max},
  timestamp = {2017.03.30}
}

@INPROCEEDINGS{Raiciu:2011:IDP:2018436.2018467,
  author = {Raiciu, Costin and Barre, Sebastien and Pluntke, Christopher and
	Greenhalgh, Adam and Wischik, Damon and Handley, Mark},
  title = {Improving Datacenter Performance and Robustness with Multipath TCP},
  booktitle = {Proceedings of the ACM SIGCOMM 2011 Conference},
  year = {2011},
  series = {SIGCOMM '11},
  pages = {266--277},
  address = {New York, NY, USA},
  publisher = {ACM},
  acmid = {2018467},
  doi = {10.1145/2018436.2018467},
  file = {:C\:\\Users\\max\\Desktop\\BA_doc\\Papers\\Raiciu 2011 - Improving Datacenter Performance and Robustness with Multipath TCP.pdf:PDF},
  isbn = {978-1-4503-0797-0},
  keywords = {data center, mptcp},
  location = {Toronto, Ontario, Canada},
  numpages = {12},
  url = {http://doi.acm.org/10.1145/2018436.2018467}
}

@ARTICLE{Raisinghani_2004,
  author = {Raisinghani, Vijay T and Iyer, Sridhar},
  title = {Cross-layer design optimizations in wireless protocol stacks},
  journal = {Computer Communications},
  year = {2004},
  volume = {27},
  pages = {720--724},
  number = {8},
  month = {5},
  bdsk-file-1 = {YnBsaXN0MDDUAQIDBAUGJCVYJHZlcnNpb25YJG9iamVjdHNZJGFyY2hpdmVyVCR0b3ASAAGGoKgHCBMUFRYaIVUkbnVsbNMJCgsMDxJXTlMua2V5c1pOUy5vYmplY3RzViRjbGFzc6INDoACgAOiEBGABIAFgAdccmVsYXRpdmVQYXRoWWFsaWFzRGF0YV8QSi4uL1BhcGVycy9Dcm9zcy1sYXllciBkZXNpZ24gb3B0aW1pemF0aW9ucyBpbiB3aXJlbGVzcyBwcm90b2NvbCBzdGFja3MucGRm0hcLGBlXTlMuZGF0YU8RAiYAAAAAAiYAAgAAAm13AAAAAAAAAAAAAAAAAAAAAAAAAAAAAAAAAAAAAABCRAAB/////x9Dcm9zcy1sYXllciBkZXNpZ24jRkZGRkZGRkYucGRmAAAAAAAAAAAAAAAAAAAAAAAAAAAAAAAAAAAAAAAAAAD/////AAAAAAAAAAAAAAAAAAEAAgAAEgFjdQAAAAAAAAAAAAAAAAAGUGFwZXJzAAIAYC86Vm9sdW1lczptdy0xOlVuaTowNzpCQTpQYXBlcnM6Q3Jvc3MtbGF5ZXIgZGVzaWduIG9wdGltaXphdGlvbnMgaW4gd2lyZWxlc3MgcHJvdG9jb2wgc3RhY2tzLnBkZgAOAIIAQABDAHIAbwBzAHMALQBsAGEAeQBlAHIAIABkAGUAcwBpAGcAbgAgAG8AcAB0AGkAbQBpAHoAYQB0AGkAbwBuAHMAIABpAG4AIAB3AGkAcgBlAGwAZQBzAHMAIABwAHIAbwB0AG8AYwBvAGwAIABzAHQAYQBjAGsAcwAuAHAAZABmAA8ABgACAG0AdwASAFIvVW5pLzA3L0JBL1BhcGVycy9Dcm9zcy1sYXllciBkZXNpZ24gb3B0aW1pemF0aW9ucyBpbiB3aXJlbGVzcyBwcm90b2NvbCBzdGFja3MucGRmABMADS9Wb2x1bWVzL213LTEAAAkAIgAiY2lmcwAAAQAAAHNtYjovL213QHdlbGxlcm5hcy9tdwD//wAAgAbSGxwdHlokY2xhc3NuYW1lWCRjbGFzc2VzXU5TTXV0YWJsZURhdGGjHR8gVk5TRGF0YVhOU09iamVjdNIbHCIjXE5TRGljdGlvbmFyeaIiIF8QD05TS2V5ZWRBcmNoaXZlctEmJ1Ryb290gAEACAARABoAIwAtADIANwBAAEYATQBVAGAAZwBqAGwAbgBxAHMAdQB3AIQAjgDbAOAA6AMSAxQDGQMkAy0DOwM/A0YDTwNUA2EDZAN2A3kDfgAAAAAAAAIBAAAAAAAAACgAAAAAAAAAAAAAAAAAAAOA},
  date-added = {2016-12-17 00:52:49 +0000},
  date-modified = {2016-12-17 00:52:49 +0000},
  doi = {10.1016/j.comcom.2003.10.011},
  file = {:H\:\\Uni\\07\\BA\\Papers\\Cross-layer design optimizations in wireless protocol stacks.pdf:PDF},
  issn = {0140-3664},
  publisher = {Elsevier BV},
  url = {http://dx.doi.org/10.1016/j.comcom.2003.10.011}
}

@ELECTRONIC{Sakamoto2016TTFMP,
  author = {Sakamoto, Kunihiko},
  month = {6},
  year = {2016},
  title = {Time to First Meaningful Paint - a layout-based approach},
  url = {https://docs.google.com/document/d/1BR94tJdZLsin5poeet0XoTW60M0SjvOJQttKT-JK8HI},
  file = {:C\:\\Users\\max\\Desktop\\BA_doc\\Papers\\Sakamoto 2016 - Time to First Meaningful Paint - a layout-based approach.pdf:PDF}
}

@TECHREPORT{Scharf2013,
  author = {Scharf, Michael and Ford, Alan},
  title = {Multipath TCP (MPTCP) application interface considerations},
  year = {2013},
  type = {RFC},
  number = {6897},
  file = {:H\:\\Uni\\07\\BA\\Papers\\rfc6897 - MPTCP Application Interface Considerations.pdf:PDF},
  url = {https://tools.ietf.org/html/rfc6897}
}

@ELECTRONIC{IpInsiderMptcp,
  author = {Srocke, Dirk},
  month = {5},
  year = {2014},
  title = {Anwendungen und Konkurrenz fuer Multipath-TCP},
  language = {German},
  url = {http://www.ip-insider.de/anwendungen-und-konkurrenz-fuer-multipath-tcp-a-445245/},
  file = {:C\:\\Users\\max\\Desktop\\BA_doc\\Papers\\Srocke 2014 - Anwendungen und Konkurrenz fÃ¼r Multipath-TCP.pdf:PDF},
  owner = {max},
  timestamp = {2017.04.04}
}

@BOOK{stevens1995tcp,
  title = {TCP/IP Illustrated: The implementation},
  publisher = {Addison-Wesley Pub. Co.},
  year = {1995},
  author = {Stevens, W.R. and Wright, G.R.},
  series = {Addison-Wesley professional computing series},
  bdsk-url-1 = {https://books.google.de/books?id=Wf1SAAAAMAAJ},
  date-added = {2016-12-16 23:59:13 +0000},
  date-modified = {2016-12-16 23:59:13 +0000},
  isbn = {9780201633542},
  lccn = {lc93040000},
  url = {https://books.google.de/books?id=Wf1SAAAAMAAJ}
}

@BOOK{tanenbaum2003computer,
  title = {Computer Networks},
  publisher = {Prentice Hall PTR},
  year = {2003},
  author = {Tanenbaum, A.S.},
  number = {p. 3},
  series = {Computer Networks},
  bdsk-url-1 = {https://books.google.de/books?id=0hkZAQAAIAAJ},
  date-added = {2016-12-16 23:58:36 +0000},
  date-modified = {2016-12-16 23:58:36 +0000},
  isbn = {9780130661029},
  lccn = {2002029263},
  url = {https://books.google.de/books?id=0hkZAQAAIAAJ}
}

@TECHREPORT{HtmlStandard,
  author = {WHATWG},
  title = {HTML Living Standard},
  institution = {Web Hypertext Application Technology Working Group},
  year = {2017},
  file = {:C\:\\Users\\max\\Desktop\\BA_doc\\Papers\\html-standard.pdf:PDF}
}

@INPROCEEDINGS{Wischik2011,
  author = {Wischik, Damon and Raiciu, Costin and Greenhalgh, Adam and Handley,
	Mark},
  title = {Design, Implementation and Evaluation of Congestion Control for Multipath
	TCP},
  booktitle = {Proceedings of the 8th USENIX Conference on Networked Systems Design
	and Implementation},
  year = {2011},
  series = {NSDI'11},
  pages = {99--112},
  address = {Berkeley, CA, USA},
  publisher = {USENIX Association},
  acmid = {1972468},
  location = {Boston, MA},
  numpages = {14},
  url = {https://www.usenix.org/conference/nsdi11/design-implementation-and-evaluation-congestion-control-multipath-tcp}
}

@ELECTRONIC{AppleSupportMPTCP,
  month = {8},
  year = {2016},
  title = {Use Multipath TCP to create backup connections for iOS},
  organization = {Apple Inc.},
  url = {https://support.apple.com/en-us/HT201373},
  owner = {max},
  timestamp = {2017.04.04}
}


@TECHREPORT{RFC7301,
  author="S. Friedl and A. Popov and A. Langley and E. Stephan",
  title="{Transport Layer Security (TLS) Application-Layer Protocol Negotiation Extension}",
  howpublished="RFC 7301 (Proposed Standard)",
  series="Internet Request for Comments",
  type="RFC",
  number="7301",
  pages="1--9",
  year=2014,
  month=jul,
  issn="2070-1721",
  publisher="RFC Editor",
  institution="RFC Editor",
  organization="RFC Editor",
  address="Fremont, CA, USA",
  url="https://www.rfc-editor.org/rfc/rfc7301.txt",
  key="RFC 7301",
  abstract={This document describes a Transport Layer Security (TLS) extension for application-layer protocol negotiation within the TLS handshake.  For instances in which multiple application protocols are supported on the same TCP or UDP port, this extension allows the application layer to negotiate which protocol will be used within the TLS connection.},
  keywords="ALPN",
  doi="10.17487/RFC7301",
  }
